
@article{Brahmi2006,
	title = {EndNote® and Reference Manager® Citation Formats Compared to {\textquotedblleft}Instructions to Authors{\textquotedblright} in Top Medical Journals},
	author = {{Brahmi}, {Frances A.} and {Gall}, {Carole}},
	year = {2006},
	month = {06},
	date = {2006-06-13},
	journal = {Medical Reference Services Quarterly},
	pages = {49--57},
	volume = {25},
	number = {2},
	doi = {10.1300/j115v25n02_04},
	url = {http://dx.doi.org/10.1300/J115v25n02_04},
	langid = {en}
}
